@online{ehd2021manifestua,
  title={Manifestua}, 
  author={{Euskal Herria Digitala}}, 
  year={2021},
  url={https://euskalherriadigitala.eus/manifestua/},
  urldate = {2022-05-30}
}
@article{prieto2005globalizacion,
  title={La Globalización y Noam Chomsky},
  author={Prieto, José María},
  journal={El Catoblepas: Revista Crítica Del Presente},
  year={2005}
}
@book{stiglitz2006hacer,
  title={Como hacer que la globalización funcione},
  author={Stiglitz, Joseph},
  publisher={Taurus Santillana Ediciones Generales, S.L. },
  year={2006}
}
@book{rodriguez2017aumentado,
  title={¿Ha aumentado la incertidumbre con la globalización?},
  author={Rodríguez, Arturo},
  journal={Campusa.  Noticias  de  la  Universidad  del  País  Vasco},
  year={2017},
  url={https://www.ehu.eus/es/-/n_20170421-cathedra-arturo-rodriguez?inheritRedirect=true}
}
@book{stiglitz2002malestar,
  title={El malestar en la globalización},
  author={Stiglitz, Joseph},
  publisher={Taurus Santillana Ediciones Generales, S.L. (Itzultzailea: Carlos Rodríguez Braun).},
  pages={211--211},
  year={2002}
}
@online{confebask2014dimension,
  title={Dimensión empresarial y productividad en la CAPV}, 
  author={{ConfeBask}}, 
  year={2014},
  url={https://www.confebask.es/newsletter/dimension-empresarial/05/dimension-empresarial-y-productividad-CAPV.html},
  urldate = {2022-05-30}
}
@online{eustat2022kanpo,
  title={Kanpo merkataritza estatistika}, 
  author={{Eustat}}, 
  year={2022},
  url={https://eu.eustat.eus/elementos/ele0019800/ti_euskal-aeko-esportazioek-11-egin-dute-gora-2022ko-martxoan/not0019862_e.html},
  urldate = {2022-05-30}
}
@article{larrinaga2005internacionalizacion,
  title={La internacionalización de la empresa y la empresa multinacional: una revisión conceptual contemporánea},
  author={Larrinaga, Oskar Villarreal},
  journal={Cuadernos de gestión},
  volume={5},
  number={2},
  pages={55--73},
  year={2005},
  publisher={Universidad del País Vasco/Euskal Herriko Unibertsitatea}
}
@article{irigoyen2021amazon,
  title={Amazon busca en Álava su tercer emplazamiento en Euskadi}, 
  author={Irigoyen, Lucas}, 
  year={2021},
  url={https://www.cronicavasca.com/empresas/amazon-busca-en-alava-su-tercer-emplazamiento-en-euskadi_449490_102.html},
  journal = {Cronica Vasca}
}
@online{microsoft2020microsoft,
  title={Microsoft AI for Earth impulsa dos proyectos en Euskadi para afrontar los retos de sostenibilidad}, 
  author={{Microsoft}}, 
  year={2020},
  url={https://news.microsoft.com/es-es/2020/06/02/microsoft-ai-for-earth-impulsa-dos-proyectos-en-euskadi-para-afrontar-los-retos-de-sostenibilidad/},
  urldate = {2022-05-30}
}
@article{gamez2020euskadi,
  title={Euskadi quiere estar en la vanguardia de la próxima gran revolución tecnológica}, 
  author={Gámez, Luis Alfonso}, 
  year={2022},
  url={https://www.elcorreo.com/ciencia/euskadi-quiere-estar-20220523180508-nt.html},
  journal={El Correo}
}
@article{eavis2020big,
  title={Big Tech’s domination of business reaches new heights},
  author={Eavis, Peter and Lohr, Steve},
  journal={The New York Times},
  volume={19},
  year={2020},
  url={https://www.nytimes.com/2020/08/19/technology/big-tech-business-domination.html}
}
@online{statista2021gafam,
  title={GAFAM: incremento de la facturación de los big five 2019-2020}, 
  author={{Statista}}, 
  year={2021},
  url={https://es.statista.com/estadisticas/606001/gigantes-tecnologicos-incremento-de-los-ingresos/},
  urldate = {2022-05-30}
}
@article{thiel2014competition,
  title={Competition is for losers},
  author={Thiel, Peter},
  journal={The Wall Street Journal},
  volume={12},
  year={2014},
  url={https://www.wsj.com/articles/peter-thiel-competition-is-for-losers-1410535536}
}
@article{de2019guia,
  title={Guía para entender y combatir el capitalismo digital},
  author={De Rivera, Javier},
  journal={Papeles de relaciones ecosociales y cambio social},
  volume={144},
  year={2019}
}
@misc{herranz2018gafam,
  title={Las GAFAM conquistan la educación},
  url={https://toyoutome.es/blog/las-gafam-conquistan-la-educacion/42901}, 
  journal={Toyoutome},
  author={Herranz, Fernando},
  year={2018},
  month={May}
}
@article{diez2022invasion,
  title={Invasión en educación},
  author={Díez, Enrique Javier},
  journal={Journal of Supranational Policies of Education (JOSPOE)},
  number={15},
  pages={48--63},
  year={2022},
  publisher={Grupo de Investigación sobre Políticas Educativas Supranacionales (GIPES)}
}
@article{almazan2020covid,
    title={Covid-19: ¿Punto Sin Retorno de la Digitalización de la Educación?},
    volume={9},
    url={https://revistas.uam.es/riejs/article/view/12089}, number={3},
    journal={Revista Internacional de Educación para la Justicia Social},
    author={Almazán, Adrián},
    year={2020},
    month={abr.}
}
@online{decode2017what,
  title={What is DECODE?}, 
  author={{DECODE}}, 
  year={2017},
  url={https://decodeproject.eu/what-decode.html},
  urldate = {2022-05-30}
}
@article{apaolaza2022google,
  title={Google eta Hezkuntza Sailaren arteko hitzarmena argitaratu du EAEko aldizkari ofizialak}, 
  author={Apaolaza, Urko}, 
  year={2022},
  month={5},
  day={21},
  journal={Argia},
  url={https://www.argia.eus/albistea/google-eta-hezkuntza-sailaren-arteko-hitzarmena-argitaratu-du-eaeko-aldizkari-orokorrak},
}
@article{tarabini2020que,
  title={¿Para qué sirve la escuela? Reflexiones sociológicas en tiempos de pandemia global},
  author={Tarabini-Castellani, Aina},
  year={2020}
}
@book{del2016industria,
  title={Industria 4.0: la transformación digital de la industria},
  author={Del Val, José Luis},
  year={2016}
}
@article{ghobakhloo2020industry,
  title={Industry 4.0, digitization, and opportunities for sustainability},
  author={Ghobakhloo, Morteza},
  journal={Journal of cleaner production},
  volume={252},
  pages={119869},
  year={2020},
  publisher={Elsevier}
}
@article{sole2020cambio,
  title={El cambio educativo ante la innovación tecnológica, la pedagogía de las competencias y el discurso de la educación emocional: Una mirada crítica},
  author={Solé, Jordi},
  journal={El cambio educativo ante la innovación tecnológica, la pedagogía de las competencias y el discurso de la educación emocional: una mirada crítica},
  pages={101--121},
  year={2020},
  publisher={Ediciones Universidad de Salamanca}
}
@article{harluxet2019awareness,
  title={Harluxet: Hiztegi Entziklopedikoa},
  author={{Klaudio Harluxet Fundazioa}},
  journal={Elkarlanean, S.L.},
  volume={1},
  number={2},
  year={2001}
}
@online{ej2022aldizkari,
  title={Euskal Herriko Agintaritzaren Aldizkaria}, 
  author={{Eusko Jaurlaritza}}, 
  year={2022},
  url={https://www.euskadi.eus/y22-bopv/eu/bopv2/datos/2022/04/2201723e.pdf},
  urldate = {2022-05-30}
}
@article{barcenilla2021gv,
  title={El Gobierno Vasco elige a Microsoft para privatizar los datos de los colegios públicos y renuncia a la soberanía digital}, 
  journal={El Salto},
  author={Barcenilla, Luis Miguel and Cancela, Ekaitz}, 
  year={2021},
  url={https://www.elsaltodiario.com/educacion/la-otra-cara-de-la-ley-de-educacion-el-gobierno-vasco-entrega-los-datos-de-los-colegios-publicos-a-microsoft}
}
@online{hl2019komunikatua,
  title={Komunikatua}, 
  author={{Hezkuntzan librezale}},
  year={2019},
  url={https://hezkuntza.librezale.eus/komunikatua-2019/},
  urldate = {2022-05-30}
}
@article{garcia2020,
  title={Teknologia ez da neutrala}, 
  author={Garcia, Mikel},
  year={2020},
  journal={Argia},
  url={https://www.argia.eus/argia-astekaria/2701/burujabetza-teknologikoa-hezkuntzan}
}
@article{vicente2022,
  title={Barcelona sienta las bases para acabar con el monopolio de Google en las aulas}, 
  author={Vicente, Sandra},
  year={2022},
  url={https://www.publico.es/economia/soberania-tecnologica-barcelona-sienta-bases-acabar-monopolio-google-aulas.html},
  journal = {Público}
}
@online{vasco2017contribucion,
  title={Contribución vasca a la agenda 2030 para el Desarrollo Sostenible},
  author={{Eusko Jaurlaritza}},
  volume={3},
  year={2017},
  url={https://www.euskadi.eus/pdf/agenda-euskadi-basque-country-2030.pdf}
}
@online{nbe2021,
  title={La Agenda para el Desarrollo Sostenible}, 
  author={{Nazio Batuen Erakundea}},
  year={2021},
  url={https://www.un.org/sustainabledevelopment/es/development-agenda/},
  urldate = {2022-05-30}
}
@article{dv2021,
  title={Eskolako Agenda 2030 programarako laguntzen deialdia maiatzak 25 arte},
  author={{Diario Vasco}},
  journal={Diario Vasco},
  year={2021},
  url={https://www.diariovasco.com/zabalik/eskolako-agenda-2030-20210423115520-nt.html}
}
@book{acevedo1998ciencia,
  title={Ciencia, Tecnología y Sociedad: una mirada desde la Educación en Tecnología},
  author={Acevedo, Germán Darío},
  year={1998},
  publisher={Organización de Estados Iberoamericanos para la Educación, la Ciencia y la Cultura}
}
@article{osorio2002educacion,
  title={La educación científica y tecnológica desde el enfoque en ciencia, tecnología y sociedad. Aproximaciones y experiencias para la educación secundaria},
  author={Osorio, Carlos},
  journal={Revista Iberoamericana de educación},
  year={2002}
}
@article{migoyaxxi,
  title={XXI. mendeko pobrezia. Benetan ezabatzeko proposamenak},
  author={Migoya, Alfonso},
  year={2018}
}
@book{menendez2017europe,
  title={Europe-- a world-class place to live and work?},
  author={Menéndez, Juan},
  year={2017},
  publisher={Eurofound}
}
@book{grau2016educacion,
  title={Capacitación docente en Educación Tecnológica},
  author={Grau, Jorge E},
  year={2008},
  publisher={Fundec},
  url={https://campus.fundec.org.ar/admin/archivos/MOD%202%20TIC%20LIC%20Cap%20en%20Edu%20Tecno.pdf}
}
@article{martin2000acercando,
  title={Acercando la ciencia a la sociedad: la perspectiva CTS y su implantación educativa},
  author={Martín, Mariano and López, José Antonio},
  journal={Ciencia, tecnología, naturaleza, cultura en el siglo XXI},
  year={2000},
  publisher={Anthropos}
}
@online{leal2019,
  title={Enseñar tecnología en secundaria desde una perspectiva humanista y de transformación social.}, 
  author={Leal, Emiliano},
  year={2019},
  url={https://mirincondeaprendizaje.com/blog/ensenar-tecnologia-en-secundaria-desde-una-perspectiva-humanista-y-de-transformacion-social/},
  urldate = {2022-05-30}
}
@article{membiela1997revision,
  title={Una revisión del movimiento educativo Ciencia-Tecnología-Sociedad},
  author={Membiela, Pedro},
  journal={Enseñanza de las ciencias: revista de investigación y experiencias didácticas},
  pages={51--57},
  year={1997}
}
@book{hickman1987science,
  title={Science/Technology/Society: A Framework for Curriculum Reform in Secondary School Science and Social Studies.},
  author={Hickman, Faith M},
  year={1987},
  publisher={ERIC}
}
@article{rosenthal1989two,
  title={Two Approaches to Science-Technology-Society (STS) Education.},
  author={Rosenthal, Dorothy B},
  journal={Science education},
  volume={73},
  number={5},
  pages={581--89},
  year={1989},
  publisher={ERIC}
}
@book{gonzalez1996ciencia,
  title={Ciencia, tecnología y sociedad: una introducción al estudio social de la ciencia y la tecnología},
  author={González, Marta Isabel and Luján, José Luis and López, José Antonio},
  year={1996},
  publisher={Tecnos}
}
@online{toscano2017,
  title={Una nueva Cátedra CTS+I para afrontar los desafíos de la sociedad tecnodigital}, 
  author={Toscano, Juan Carlos},
  year={2017},
  url={https://www.madrimasd.org/blogs/CTSiberoamerica/2017/07/19/131801},
  urldate = {2022-05-30}
}
@article{fernandez2016adquisicion,
  title={La adquisición y desarrollo de la competencia digital en alumnos de educación secundaria: estudio de caso},
  author={Fernández, Juan Pablo},
  journal={Cuadernos de Investigación Educativa},
  volume={7},
  number={2},
  pages={83--98},
  year={2016}
}
@online{ocde2005deseco,
  title={Definition and Selection of Competencies: Theoretical and Conceptual Foundations}, 
  author={{ELGA}}, 
  year={2005},
  url={https://www.deseco.ch/bfs/deseco/en/index/02.parsys.43469.downloadList.2296.DownloadFile.tmp/2005.dskcexecutivesummary.en.pdf},
  urldate = {2022-05-30},
}
@book{valle2013competencias,
  title={Competencias clave como tendencia de la política educativa supranacional de la Unión Europea: Key competences as a trend in the supranational educational policies of the European Union},
  author={Valle, Javier and Manso, Jesús},
  year={2013},
  publisher={Ministerio de Educación}
}
@online{ej2016curriculuma,
  author = {{Eusko Jaurlaritza}},
  title = {Oinarrizko hezkuntzarako curriculum dekretua},
  year = {2016},
  url={https://www.euskadi.eus/contenidos/informacion/inn_heziberri_dec_curriculares/eu_def/adjuntos/OH_curriculumosoa.pdf},
  urldate = {2022-05-30}
}
@book{graells2000tic,
  title={Las TIC y sus aportaciones a la sociedad},
  author={Graells, Pérez Marqués},
  journal={Departamento de pedagogía aplicada, facultad},
  publisher={Academia},
  year={2000}
}
@article{gilbert1995educacion,
  title={Educación tecnológica: una nueva asignatura en todo el mundo},
  author={Gilbert, John K},
  journal={Enseñanza de las ciencias: revista de investigación y experiencias didácticas},
  pages={15--24},
  year={1995}
}
@techreport{JRC107466,
	number = {KJ-NA-28775-EN-C (print),KJ-NA-28775-EN-N (online)},
	address = {Luxembourg (Luxembourg)},
	issn = {1018-5593 (print),1831-9424 (online)},
	year = {2017},
	author = {Redecker, C and Punie, Y},
	isbn = {978-92-79-73718-3 (print),978-92-79-73494-6 (pdf)},
	publisher = {Publications Office of the European Union},
	title = {European Framework for the Digital Competence of Educators: DigCompEdu},
	type = {Scientific analysis or review, Policy assessment, Technical guidance},
	url = {},
	doi = {10.2760/178382 (print),10.2760/159770 (online)}
}
 @inproceedings{larralde2021,
    title = {Dighitzaldia Webinar DIGCOMPEDU (Irakaslearen konpetentzia digitala)},
    author = {Larralde, Garbiñe},
    year = {2021},
    url = {https://youtu.be/vmjpkZCyLwQ},
    urldate = {2022-05-30}
}
@article{pinto2012recursos,
  title={Los recursos educativos electrónicos: perspectivas y herramientas de evaluación},
  author={Pinto, Maria and Gomez-Camarero, Carmen and Fernández-Ramos, Andrés},
  journal={Perspectivas em ciência da informação},
  volume={17},
  pages={82--99},
  year={2012},
  publisher={SciELO Brasil}
}
@book{stallman2002,
  title={Free software, free society: Selected essays of Richard M. Stallman},
  author={Stallman, Richard},
  year={2002},
  publisher={Lulu. com}
}
@book{marx1867,
  title={Das Kapital. Kritik der politischen Oekonomie von Karl Marx. Erster band. Buch I: Der Produktionsprocess des Kapitals…},
  author={Marx, Karl Heinrich},
  year={1867},
  publisher={O. Meissner Hamburg}
}
@misc{labrador2012,
  title={Tipos de licencias de software},
  author={Labrador, Ramón M Gómez},
  year={2012}
}
@inproceedings{brouilette2002,
  title={Benefits and strategies of implementing educational software site licenses},
  author={Brouilette, Gordana and Stewart, Cindy},
  booktitle={Proceedings of the 30th annual ACM SIGUCCS conference on User services},
  pages={9--12},
  year={2002}
}
@book{butcher2011basic,
  title={A basic guide to open educational resources (OER). Commonwealth of Learning},
  author={Butcher, Neil and Kanwar, Asha and Uvalic-Trumbic, Stamenka},
  publisher={UNESCO},
  year={2011}
}
@article{joseph2019toward,
  title={Toward a Critical Approach for OER: A Case Study in Removing the'Big Five'from OER Creation.},
  author={Joseph, Kris and Guy, Julia and McNally, Michael B},
  journal={Open Praxis},
  volume={11},
  number={4},
  pages={355--367},
  year={2019},
  publisher={ERIC}
}
@inproceedings{vervier2017perceptions,
  title={Perceptions of Digital Footprints and the Value of Privacy.},
  author={Vervier, Luisa and Zeissig, Eva-Maria and Lidynia, Chantal and Ziefle, Martina},
  booktitle={IoTBDS},
  pages={80--91},
  year={2017}
}
@article{cobos2009,
  title={Ventajas e inconvenientes de las TICs en el aula},
  author={Cobos, Eva María},
  journal={Cuadernos de educación y desarrollo},
  number={9},
  year={2009},
  publisher={Servicios Académicos Intercontinentales SL}
}
@article{norberg2007privacy,
  title={The privacy paradox: Personal information disclosure intentions versus behaviors},
  author={Norberg, Patricia A and Horne, Daniel R and Horne, David A},
  journal={Journal of consumer affairs},
  volume={41},
  number={1},
  pages={100--126},
  year={2007},
  publisher={Wiley Online Library}
}
@article{azucar2018predicting,
  title={Predicting the Big 5 personality traits from digital footprints on social media: A meta-analysis},
  author={Azucar, Danny and Marengo, Davide and Settanni, Michele},
  journal={Personality and individual differences},
  volume={124},
  pages={150--159},
  year={2018},
  publisher={Elsevier}
}
@article{wook2019awareness,
  title={Awareness of digital footprint management in the new media amongst youth},
  author={Wook, T.S.  and Mohamed, H. and Noor, S. and Muda, Z. and Zairon, I.Y.},
  journal={Jurnal Komunikasi: Malaysian Journal of Communication},
  volume={35},
  number={3},
  pages={407--421},
  year={2019}
}
@article{burger2019distributed,
  title={Why distributed?: A critical review of the tradeoffs between centralized and decentralized resources},
  author={Burger, Scott P and Jenkins, Jesse D and Huntington, Samuel C and Perez-Arriaga, Ignacio J},
  journal={IEEE Power and Energy Magazine},
  volume={17},
  number={2},
  pages={16--24},
  year={2019},
  publisher={IEEE}
}
@article{bosch2018konpetentzia,
  title={Konpetentzia digitala irakasleen formazioan: ikuspuntua aztertzeko ikerketa},
  author={Bosch, Kepa},
  year={2018},
  journal={ADDI},
  publisher={Universidad del País Vasco/Euskal Herriko Unibertsitatea},
  url={https://addi.ehu.es/handle/10810/28705}
}
@article{perrenoud2001formacion,
  title={La formación de los docentes en el siglo XXI},
  author={Perrenoud, Philippe},
  journal={Revista de Tecnología educativa},
  volume={14},
  number={3},
  pages={503--523},
  year={2001},
  publisher={Santiago-Chile)}
}
@article{perez2014irakasleen,
  title={Irakasleen prestakuntza ahozko hizkuntzaren lanketa eskolan sustatzeko. Praktika gogoetatsuan oinarritutako prozesu baten azterketa},
  author={Pérez, Karmele},
  year={2014},
  publisher={Mondragon Unibertsitatea. Humanitate eta Hezkuntza Zientzien Fakultatea}
}
@article{arroyo2017competencias,
	author = {Arroyo, Amaia},
	title = {Competencias en comunicación y colaboración en la formación de docentes},
	journal = {Revista Mediterránea de Comunicación},
	volume = {8},
	number = {2},
	year = {2017},
	issn = {1989-872X},	pages = {277--285},	doi = {10.14198/MEDCOM2017.8.2.17},
	url = {https://www.mediterranea-comunicacion.org/article/view/2017-v8-n2-competencias-en-comunicacion-y-colaboracion-en-la-formacion-de-docentes}
}
@book{dufour1998professional,
  title={Professional Learning Communities at Work: Best Practices for Enhancing Student Achievement},
  author={DuFour, Richard and Eaker, Robert},
  publisher={National Educational Service},
  volume={230},
  year={1998}
}
@book{dufour2004whatever,
  title={Whatever it takes: How professional learning communities respond when kids don't learn},
  author={DuFour, Richard and DuFour, Rebecca Burnette and Eaker, Robert E and Karhanek, Gayle},
  year={2004},
  publisher={Solution Tree}
}
@article{morrissey2000professional,
  title={Professional learning communities: An ongoing exploration},
  author={Morrissey, Melanie S},
  year={2000},
  publisher={Southwest Educational Development Laboratory Austin, TX}
}
@book{bolivar2012melhorar,
  title={Melhorar os processos e os resultados educativos: o que nos ensina a investigao},
  author={Bolívar, António},
  publisher={Fundação Manuel Leão},
  year={2012}
}
@book{wenger2002cultivating,
  title={Cultivating communities of practice: A guide to managing knowledge},
  author={Wenger, Etienne and McDermott, Richard Arnold and Snyder, William},
  year={2002},
  publisher={Harvard business press}
}
@book{louis1995professionalism,
  title={Professionalism and community: Perspectives on reforming urban schools},
  author={Louis, Karen Seashore and Kruse, Sharon D},
  year={1995},
  publisher={SAGE Publications Ltd}
}
@book{stoll2007professional,
  title={Professional learning communities},
  author={Stoll, Louise and Louis, Karen Seashore},
  year={2007},
  publisher={McGraw-Hill Education (UK)}
}